%YAML 1.1
%TAG !u! tag:unity3d.com,2011:
--- !u!54 &1665853957
Rigidbody:
  m_ObjectHideFlags: 0
  m_CorrespondingSourceObject: {fileID: 0}
  m_PrefabInstance: {fileID: 0}
  m_PrefabAsset: {fileID: 0}
  m_GameObject: {fileID: 5190456493172807633}
  serializedVersion: 2
  m_Mass: 1
  m_Drag: 0
  m_AngularDrag: 0.05
  m_UseGravity: 1
  m_IsKinematic: 0
  m_Interpolate: 0
  m_Constraints: 0
  m_CollisionDetection: 0
--- !u!65 &1665853958
BoxCollider:
  m_ObjectHideFlags: 0
  m_CorrespondingSourceObject: {fileID: 0}
  m_PrefabInstance: {fileID: 0}
  m_PrefabAsset: {fileID: 0}
  m_GameObject: {fileID: 5190456493172807633}
  m_Material: {fileID: 0}
  m_IsTrigger: 0
  m_Enabled: 1
  serializedVersion: 2
  m_Size: {x: 1.9871998, y: 2.0180888, z: 4.2803564}
  m_Center: {x: 0.021344185, y: 1.0357592, z: -0.3551836}
--- !u!114 &1665853954
MonoBehaviour:
  m_ObjectHideFlags: 0
  m_CorrespondingSourceObject: {fileID: 0}
  m_PrefabInstance: {fileID: 0}
  m_PrefabAsset: {fileID: 0}
  m_GameObject: {fileID: 5190456493172807633}
  m_Enabled: 1
  m_EditorHideFlags: 0
  m_Script: {fileID: 11500000, guid: f615db812e7fae84f807384d4ec8e65e, type: 3}
  m_Name: 
  m_EditorClassIdentifier: 
  syncMode: 0
  syncInterval: 0.1
  LeftWheels:
  - {fileID: 5190456493172807611}
  - {fileID: 5190456493172807609}
  - {fileID: 5190456493172807591}
  - {fileID: 5190456493172807589}
  - {fileID: 5190456493172807587}
  RightWheels:
  - {fileID: 5190456493172807623}
  - {fileID: 5190456493172807621}
  - {fileID: 5190456493172807619}
  - {fileID: 5190456493172807617}
  - {fileID: 5190456493172807631}
  LeftTrack: {fileID: 5190456493172807637}
  RightTrack: {fileID: 5190456493172807635}
  wheelsSpeed: 0.88
  tracksSpeed: 1
  forwardSpeed: 5
  rotateSpeed: 40
--- !u!114 &6904695364991330908
MonoBehaviour:
  m_ObjectHideFlags: 0
  m_CorrespondingSourceObject: {fileID: 0}
  m_PrefabInstance: {fileID: 0}
  m_PrefabAsset: {fileID: 0}
  m_GameObject: {fileID: 5190456493172807633}
  m_Enabled: 1
  m_EditorHideFlags: 0
  m_Script: {fileID: 11500000, guid: 2f74aedd71d9a4f55b3ce499326d45fb, type: 3}
  m_Name: 
  m_EditorClassIdentifier: 
  syncMode: 0
  syncInterval: 0.1
  clientAuthority: 1
  localPositionSensitivity: 0.01
  localRotationSensitivity: 0.01
  localScaleSensitivity: 0.01
--- !u!114 &7408914844021437253
MonoBehaviour:
  m_ObjectHideFlags: 0
  m_CorrespondingSourceObject: {fileID: 0}
  m_PrefabInstance: {fileID: 0}
  m_PrefabAsset: {fileID: 0}
  m_GameObject: {fileID: 5190456493172807633}
  m_Enabled: 1
  m_EditorHideFlags: 0
  m_Script: {fileID: 11500000, guid: 9b91ecbcc199f4492b9a91e820070131, type: 3}
  m_Name: 
  m_EditorClassIdentifier: 
  sceneId: 0
  serverOnly: 0
  m_AssetId: 
  hasSpawned: 0
--- !u!1001 &5190456493172773143
PrefabInstance:
  m_ObjectHideFlags: 0
  serializedVersion: 2
  m_Modification:
    m_TransformParent: {fileID: 0}
    m_Modifications:
    - target: {fileID: 100038, guid: 0c2de04ae5761f24c94296a29f9faf74, type: 3}
      propertyPath: m_Name
      value: MC1 Variant
      objectReference: {fileID: 0}
    - target: {fileID: 400036, guid: 0c2de04ae5761f24c94296a29f9faf74, type: 3}
      propertyPath: m_LocalPosition.x
      value: 0.711
      objectReference: {fileID: 0}
    - target: {fileID: 400038, guid: 0c2de04ae5761f24c94296a29f9faf74, type: 3}
      propertyPath: m_LocalPosition.x
      value: 1.9901209
      objectReference: {fileID: 0}
    - target: {fileID: 400038, guid: 0c2de04ae5761f24c94296a29f9faf74, type: 3}
      propertyPath: m_LocalPosition.y
      value: 0
      objectReference: {fileID: 0}
    - target: {fileID: 400038, guid: 0c2de04ae5761f24c94296a29f9faf74, type: 3}
      propertyPath: m_LocalPosition.z
      value: -2.0120566
      objectReference: {fileID: 0}
    - target: {fileID: 400038, guid: 0c2de04ae5761f24c94296a29f9faf74, type: 3}
      propertyPath: m_LocalRotation.x
      value: 0
      objectReference: {fileID: 0}
    - target: {fileID: 400038, guid: 0c2de04ae5761f24c94296a29f9faf74, type: 3}
      propertyPath: m_LocalRotation.y
      value: 0
      objectReference: {fileID: 0}
    - target: {fileID: 400038, guid: 0c2de04ae5761f24c94296a29f9faf74, type: 3}
      propertyPath: m_LocalRotation.z
      value: 0
      objectReference: {fileID: 0}
    - target: {fileID: 400038, guid: 0c2de04ae5761f24c94296a29f9faf74, type: 3}
      propertyPath: m_LocalRotation.w
      value: 1
      objectReference: {fileID: 0}
    - target: {fileID: 400038, guid: 0c2de04ae5761f24c94296a29f9faf74, type: 3}
      propertyPath: m_RootOrder
      value: 0
      objectReference: {fileID: 0}
    - target: {fileID: 400038, guid: 0c2de04ae5761f24c94296a29f9faf74, type: 3}
      propertyPath: m_LocalEulerAnglesHint.x
      value: 0
      objectReference: {fileID: 0}
    - target: {fileID: 400038, guid: 0c2de04ae5761f24c94296a29f9faf74, type: 3}
      propertyPath: m_LocalEulerAnglesHint.y
      value: 0
      objectReference: {fileID: 0}
    - target: {fileID: 400038, guid: 0c2de04ae5761f24c94296a29f9faf74, type: 3}
      propertyPath: m_LocalEulerAnglesHint.z
      value: 0
      objectReference: {fileID: 0}
    m_RemovedComponents: []
  m_SourcePrefab: {fileID: 100100000, guid: 0c2de04ae5761f24c94296a29f9faf74, type: 3}
--- !u!1 &5190456493172807633 stripped
GameObject:
  m_CorrespondingSourceObject: {fileID: 100038, guid: 0c2de04ae5761f24c94296a29f9faf74, type: 3}
  m_PrefabInstance: {fileID: 5190456493172773143}
  m_PrefabAsset: {fileID: 0}
--- !u!1 &5190456493172807611 stripped
GameObject:
  m_CorrespondingSourceObject: {fileID: 100012, guid: 0c2de04ae5761f24c94296a29f9faf74, type: 3}
  m_PrefabInstance: {fileID: 5190456493172773143}
  m_PrefabAsset: {fileID: 0}
--- !u!1 &5190456493172807609 stripped
GameObject:
  m_CorrespondingSourceObject: {fileID: 100014, guid: 0c2de04ae5761f24c94296a29f9faf74, type: 3}
  m_PrefabInstance: {fileID: 5190456493172773143}
  m_PrefabAsset: {fileID: 0}
--- !u!1 &5190456493172807591 stripped
GameObject:
  m_CorrespondingSourceObject: {fileID: 100016, guid: 0c2de04ae5761f24c94296a29f9faf74, type: 3}
  m_PrefabInstance: {fileID: 5190456493172773143}
  m_PrefabAsset: {fileID: 0}
--- !u!1 &5190456493172807589 stripped
GameObject:
  m_CorrespondingSourceObject: {fileID: 100018, guid: 0c2de04ae5761f24c94296a29f9faf74, type: 3}
  m_PrefabInstance: {fileID: 5190456493172773143}
  m_PrefabAsset: {fileID: 0}
--- !u!1 &5190456493172807587 stripped
GameObject:
  m_CorrespondingSourceObject: {fileID: 100020, guid: 0c2de04ae5761f24c94296a29f9faf74, type: 3}
  m_PrefabInstance: {fileID: 5190456493172773143}
  m_PrefabAsset: {fileID: 0}
--- !u!1 &5190456493172807623 stripped
GameObject:
  m_CorrespondingSourceObject: {fileID: 100048, guid: 0c2de04ae5761f24c94296a29f9faf74, type: 3}
  m_PrefabInstance: {fileID: 5190456493172773143}
  m_PrefabAsset: {fileID: 0}
--- !u!1 &5190456493172807621 stripped
GameObject:
  m_CorrespondingSourceObject: {fileID: 100050, guid: 0c2de04ae5761f24c94296a29f9faf74, type: 3}
  m_PrefabInstance: {fileID: 5190456493172773143}
  m_PrefabAsset: {fileID: 0}
--- !u!1 &5190456493172807619 stripped
GameObject:
  m_CorrespondingSourceObject: {fileID: 100052, guid: 0c2de04ae5761f24c94296a29f9faf74, type: 3}
  m_PrefabInstance: {fileID: 5190456493172773143}
  m_PrefabAsset: {fileID: 0}
--- !u!1 &5190456493172807617 stripped
GameObject:
  m_CorrespondingSourceObject: {fileID: 100054, guid: 0c2de04ae5761f24c94296a29f9faf74, type: 3}
  m_PrefabInstance: {fileID: 5190456493172773143}
  m_PrefabAsset: {fileID: 0}
--- !u!1 &5190456493172807631 stripped
GameObject:
  m_CorrespondingSourceObject: {fileID: 100056, guid: 0c2de04ae5761f24c94296a29f9faf74, type: 3}
  m_PrefabInstance: {fileID: 5190456493172773143}
  m_PrefabAsset: {fileID: 0}
--- !u!1 &5190456493172807637 stripped
GameObject:
  m_CorrespondingSourceObject: {fileID: 100034, guid: 0c2de04ae5761f24c94296a29f9faf74, type: 3}
  m_PrefabInstance: {fileID: 5190456493172773143}
  m_PrefabAsset: {fileID: 0}
--- !u!1 &5190456493172807635 stripped
GameObject:
  m_CorrespondingSourceObject: {fileID: 100036, guid: 0c2de04ae5761f24c94296a29f9faf74, type: 3}
  m_PrefabInstance: {fileID: 5190456493172773143}
  m_PrefabAsset: {fileID: 0}
