%YAML 1.1
%TAG !u! tag:unity3d.com,2011:
--- !u!1 &7937174375579144438
GameObject:
  m_ObjectHideFlags: 0
  m_CorrespondingSourceObject: {fileID: 0}
  m_PrefabInstance: {fileID: 0}
  m_PrefabAsset: {fileID: 0}
  serializedVersion: 6
  m_Component:
  - component: {fileID: 7937174375579144434}
  - component: {fileID: 7937174375579144433}
  - component: {fileID: 7937174375579144432}
  - component: {fileID: 7937174375579144439}
  - component: {fileID: 7937174375579144435}
  - component: {fileID: 1280023284468703061}
  - component: {fileID: 4366236767598276356}
  m_Layer: 0
  m_Name: FlameCatastrophe
  m_TagString: Catastrophe
  m_Icon: {fileID: 0}
  m_NavMeshLayer: 0
  m_StaticEditorFlags: 0
  m_IsActive: 1
--- !u!4 &7937174375579144434
Transform:
  m_ObjectHideFlags: 0
  m_CorrespondingSourceObject: {fileID: 0}
  m_PrefabInstance: {fileID: 0}
  m_PrefabAsset: {fileID: 0}
  m_GameObject: {fileID: 7937174375579144438}
  m_LocalRotation: {x: 0, y: 0, z: 0, w: 1}
  m_LocalPosition: {x: 0, y: 0.1, z: 0}
  m_LocalScale: {x: 1, y: 1, z: 1}
  m_Children:
  - {fileID: 1499878403716031262}
  - {fileID: 7938085000307811650}
  - {fileID: 7938085000612208097}
  - {fileID: 7938085000993614264}
  - {fileID: 7937174376994610902}
  m_Father: {fileID: 0}
  m_RootOrder: 0
  m_LocalEulerAnglesHint: {x: 0, y: 0, z: 0}
--- !u!33 &7937174375579144433
MeshFilter:
  m_ObjectHideFlags: 0
  m_CorrespondingSourceObject: {fileID: 0}
  m_PrefabInstance: {fileID: 0}
  m_PrefabAsset: {fileID: 0}
  m_GameObject: {fileID: 7937174375579144438}
  m_Mesh: {fileID: 10209, guid: 0000000000000000e000000000000000, type: 0}
--- !u!23 &7937174375579144432
MeshRenderer:
  m_ObjectHideFlags: 0
  m_CorrespondingSourceObject: {fileID: 0}
  m_PrefabInstance: {fileID: 0}
  m_PrefabAsset: {fileID: 0}
  m_GameObject: {fileID: 7937174375579144438}
  m_Enabled: 1
  m_CastShadows: 1
  m_ReceiveShadows: 1
  m_DynamicOccludee: 1
  m_MotionVectors: 1
  m_LightProbeUsage: 1
  m_ReflectionProbeUsage: 1
  m_RayTracingMode: 2
  m_RayTraceProcedural: 0
  m_RenderingLayerMask: 1
  m_RendererPriority: 0
  m_Materials:
  - {fileID: 2100000, guid: cd53bd02a7650484fb66bbb6a2859f1c, type: 2}
  m_StaticBatchInfo:
    firstSubMesh: 0
    subMeshCount: 0
  m_StaticBatchRoot: {fileID: 0}
  m_ProbeAnchor: {fileID: 0}
  m_LightProbeVolumeOverride: {fileID: 0}
  m_ScaleInLightmap: 1
  m_ReceiveGI: 1
  m_PreserveUVs: 0
  m_IgnoreNormalsForChartDetection: 0
  m_ImportantGI: 0
  m_StitchLightmapSeams: 1
  m_SelectedEditorRenderState: 3
  m_MinimumChartSize: 4
  m_AutoUVMaxDistance: 0.5
  m_AutoUVMaxAngle: 89
  m_LightmapParameters: {fileID: 0}
  m_SortingLayerID: 0
  m_SortingLayer: 0
  m_SortingOrder: 0
  m_AdditionalVertexStreams: {fileID: 0}
--- !u!64 &7937174375579144439
MeshCollider:
  m_ObjectHideFlags: 0
  m_CorrespondingSourceObject: {fileID: 0}
  m_PrefabInstance: {fileID: 0}
  m_PrefabAsset: {fileID: 0}
  m_GameObject: {fileID: 7937174375579144438}
  m_Material: {fileID: 0}
  m_IsTrigger: 1
  m_Enabled: 1
  serializedVersion: 4
  m_Convex: 1
  m_CookingOptions: 30
  m_Mesh: {fileID: 10209, guid: 0000000000000000e000000000000000, type: 0}
--- !u!114 &7937174375579144435
MonoBehaviour:
  m_ObjectHideFlags: 0
  m_CorrespondingSourceObject: {fileID: 0}
  m_PrefabInstance: {fileID: 0}
  m_PrefabAsset: {fileID: 0}
  m_GameObject: {fileID: 7937174375579144438}
  m_Enabled: 1
  m_EditorHideFlags: 0
  m_Script: {fileID: 11500000, guid: 86580f61a04bf0746998afee17099799, type: 3}
  m_Name: 
  m_EditorClassIdentifier: 
  syncMode: 0
  syncInterval: 0.1
  tick_rate: 1
--- !u!114 &1280023284468703061
MonoBehaviour:
  m_ObjectHideFlags: 0
  m_CorrespondingSourceObject: {fileID: 0}
  m_PrefabInstance: {fileID: 0}
  m_PrefabAsset: {fileID: 0}
  m_GameObject: {fileID: 7937174375579144438}
  m_Enabled: 1
  m_EditorHideFlags: 0
  m_Script: {fileID: 11500000, guid: 031bae967900a524fa3156950482bc83, type: 3}
  m_Name: 
  m_EditorClassIdentifier: 
  type: 0
--- !u!114 &4366236767598276356
MonoBehaviour:
  m_ObjectHideFlags: 0
  m_CorrespondingSourceObject: {fileID: 0}
  m_PrefabInstance: {fileID: 0}
  m_PrefabAsset: {fileID: 0}
  m_GameObject: {fileID: 7937174375579144438}
  m_Enabled: 1
  m_EditorHideFlags: 0
  m_Script: {fileID: 11500000, guid: 9b91ecbcc199f4492b9a91e820070131, type: 3}
  m_Name: 
  m_EditorClassIdentifier: 
  sceneId: 0
  serverOnly: 0
  m_AssetId: 
  hasSpawned: 0
--- !u!1 &7937174376994610901
GameObject:
  m_ObjectHideFlags: 0
  m_CorrespondingSourceObject: {fileID: 0}
  m_PrefabInstance: {fileID: 0}
  m_PrefabAsset: {fileID: 0}
  serializedVersion: 6
  m_Component:
  - component: {fileID: 7937174376994610902}
  - component: {fileID: 7937174376994610896}
  - component: {fileID: 7937174376994610903}
  m_Layer: 0
  m_Name: FireLight
  m_TagString: Untagged
  m_Icon: {fileID: 0}
  m_NavMeshLayer: 0
  m_StaticEditorFlags: 0
  m_IsActive: 1
--- !u!4 &7937174376994610902
Transform:
  m_ObjectHideFlags: 0
  m_CorrespondingSourceObject: {fileID: 0}
  m_PrefabInstance: {fileID: 0}
  m_PrefabAsset: {fileID: 0}
  m_GameObject: {fileID: 7937174376994610901}
  m_LocalRotation: {x: -0, y: -0, z: -0, w: 1}
  m_LocalPosition: {x: 0, y: 3.9, z: 0.06}
  m_LocalScale: {x: 1, y: 1, z: 1}
  m_Children: []
  m_Father: {fileID: 7937174375579144434}
  m_RootOrder: 4
  m_LocalEulerAnglesHint: {x: 0, y: 0, z: 0}
--- !u!108 &7937174376994610896
Light:
  m_ObjectHideFlags: 0
  m_CorrespondingSourceObject: {fileID: 0}
  m_PrefabInstance: {fileID: 0}
  m_PrefabAsset: {fileID: 0}
  m_GameObject: {fileID: 7937174376994610901}
  m_Enabled: 1
  serializedVersion: 10
  m_Type: 2
  m_Shape: 0
  m_Color: {r: 1, g: 0.8862652, b: 0.032075405, a: 1}
  m_Intensity: 100
  m_Range: 14.3
  m_SpotAngle: 30
  m_InnerSpotAngle: 21.80208
  m_CookieSize: 10
  m_Shadows:
    m_Type: 0
    m_Resolution: -1
    m_CustomResolution: -1
    m_Strength: 1
    m_Bias: 0.05
    m_NormalBias: 0.4
    m_NearPlane: 0.2
    m_CullingMatrixOverride:
      e00: 1
      e01: 0
      e02: 0
      e03: 0
      e10: 0
      e11: 1
      e12: 0
      e13: 0
      e20: 0
      e21: 0
      e22: 1
      e23: 0
      e30: 0
      e31: 0
      e32: 0
      e33: 1
    m_UseCullingMatrixOverride: 0
  m_Cookie: {fileID: 0}
  m_DrawHalo: 0
  m_Flare: {fileID: 0}
  m_RenderMode: 0
  m_CullingMask:
    serializedVersion: 2
    m_Bits: 4294967295
  m_RenderingLayerMask: 1
  m_Lightmapping: 4
  m_LightShadowCasterMode: 0
  m_AreaSize: {x: 1, y: 1}
  m_BounceIntensity: 0
  m_ColorTemperature: 6570
  m_UseColorTemperature: 0
  m_BoundingSphereOverride: {x: 0, y: 0, z: 0, w: 0}
  m_UseBoundingSphereOverride: 0
  m_ShadowRadius: 0
  m_ShadowAngle: 0
--- !u!114 &7937174376994610903
MonoBehaviour:
  m_ObjectHideFlags: 0
  m_CorrespondingSourceObject: {fileID: 0}
  m_PrefabInstance: {fileID: 0}
  m_PrefabAsset: {fileID: 0}
  m_GameObject: {fileID: 7937174376994610901}
  m_Enabled: 1
  m_EditorHideFlags: 0
  m_Script: {fileID: 11500000, guid: 9fa8bb9355c78b0458402f1cbf47d3f2, type: 3}
  m_Name: 
  m_EditorClassIdentifier: 
  frameUntilChange: 19
--- !u!1001 &1504095883070118428
PrefabInstance:
  m_ObjectHideFlags: 0
  serializedVersion: 2
  m_Modification:
    m_TransformParent: {fileID: 7937174375579144434}
    m_Modifications:
    - target: {fileID: 1956197547661106, guid: f293a2dcc753a4a489fefe7f8f312d69, type: 3}
      propertyPath: m_Name
      value: WildFire
      objectReference: {fileID: 0}
    - target: {fileID: 4288416149911810, guid: f293a2dcc753a4a489fefe7f8f312d69, type: 3}
      propertyPath: m_LocalPosition.x
      value: -2.87
      objectReference: {fileID: 0}
    - target: {fileID: 4288416149911810, guid: f293a2dcc753a4a489fefe7f8f312d69, type: 3}
      propertyPath: m_LocalPosition.y
      value: 0
      objectReference: {fileID: 0}
    - target: {fileID: 4288416149911810, guid: f293a2dcc753a4a489fefe7f8f312d69, type: 3}
      propertyPath: m_LocalPosition.z
      value: 2.58
      objectReference: {fileID: 0}
    - target: {fileID: 4288416149911810, guid: f293a2dcc753a4a489fefe7f8f312d69, type: 3}
      propertyPath: m_LocalRotation.x
      value: -0
      objectReference: {fileID: 0}
    - target: {fileID: 4288416149911810, guid: f293a2dcc753a4a489fefe7f8f312d69, type: 3}
      propertyPath: m_LocalRotation.y
      value: -0
      objectReference: {fileID: 0}
    - target: {fileID: 4288416149911810, guid: f293a2dcc753a4a489fefe7f8f312d69, type: 3}
      propertyPath: m_LocalRotation.z
      value: -0
      objectReference: {fileID: 0}
    - target: {fileID: 4288416149911810, guid: f293a2dcc753a4a489fefe7f8f312d69, type: 3}
      propertyPath: m_LocalRotation.w
      value: 1
      objectReference: {fileID: 0}
    - target: {fileID: 4288416149911810, guid: f293a2dcc753a4a489fefe7f8f312d69, type: 3}
      propertyPath: m_RootOrder
      value: 0
      objectReference: {fileID: 0}
    - target: {fileID: 4288416149911810, guid: f293a2dcc753a4a489fefe7f8f312d69, type: 3}
      propertyPath: m_LocalEulerAnglesHint.x
      value: 0
      objectReference: {fileID: 0}
    - target: {fileID: 4288416149911810, guid: f293a2dcc753a4a489fefe7f8f312d69, type: 3}
      propertyPath: m_LocalEulerAnglesHint.y
      value: 0
      objectReference: {fileID: 0}
    - target: {fileID: 4288416149911810, guid: f293a2dcc753a4a489fefe7f8f312d69, type: 3}
      propertyPath: m_LocalEulerAnglesHint.z
      value: 0
      objectReference: {fileID: 0}
    m_RemovedComponents: []
  m_SourcePrefab: {fileID: 100100000, guid: f293a2dcc753a4a489fefe7f8f312d69, type: 3}
--- !u!4 &1499878403716031262 stripped
Transform:
  m_CorrespondingSourceObject: {fileID: 4288416149911810, guid: f293a2dcc753a4a489fefe7f8f312d69,
    type: 3}
  m_PrefabInstance: {fileID: 1504095883070118428}
  m_PrefabAsset: {fileID: 0}
--- !u!1001 &7937174375304204474
PrefabInstance:
  m_ObjectHideFlags: 0
  serializedVersion: 2
  m_Modification:
    m_TransformParent: {fileID: 7937174375579144434}
    m_Modifications:
    - target: {fileID: 1956197547661106, guid: f293a2dcc753a4a489fefe7f8f312d69, type: 3}
      propertyPath: m_Name
      value: WildFire (3)
      objectReference: {fileID: 0}
    - target: {fileID: 4288416149911810, guid: f293a2dcc753a4a489fefe7f8f312d69, type: 3}
      propertyPath: m_LocalPosition.x
      value: -1.93
      objectReference: {fileID: 0}
    - target: {fileID: 4288416149911810, guid: f293a2dcc753a4a489fefe7f8f312d69, type: 3}
      propertyPath: m_LocalPosition.y
      value: 0
      objectReference: {fileID: 0}
    - target: {fileID: 4288416149911810, guid: f293a2dcc753a4a489fefe7f8f312d69, type: 3}
      propertyPath: m_LocalPosition.z
      value: -3.15
      objectReference: {fileID: 0}
    - target: {fileID: 4288416149911810, guid: f293a2dcc753a4a489fefe7f8f312d69, type: 3}
      propertyPath: m_LocalRotation.x
      value: 0
      objectReference: {fileID: 0}
    - target: {fileID: 4288416149911810, guid: f293a2dcc753a4a489fefe7f8f312d69, type: 3}
      propertyPath: m_LocalRotation.y
      value: 0
      objectReference: {fileID: 0}
    - target: {fileID: 4288416149911810, guid: f293a2dcc753a4a489fefe7f8f312d69, type: 3}
      propertyPath: m_LocalRotation.z
      value: 0
      objectReference: {fileID: 0}
    - target: {fileID: 4288416149911810, guid: f293a2dcc753a4a489fefe7f8f312d69, type: 3}
      propertyPath: m_LocalRotation.w
      value: 1
      objectReference: {fileID: 0}
    - target: {fileID: 4288416149911810, guid: f293a2dcc753a4a489fefe7f8f312d69, type: 3}
      propertyPath: m_RootOrder
      value: 3
      objectReference: {fileID: 0}
    - target: {fileID: 4288416149911810, guid: f293a2dcc753a4a489fefe7f8f312d69, type: 3}
      propertyPath: m_LocalEulerAnglesHint.x
      value: 0
      objectReference: {fileID: 0}
    - target: {fileID: 4288416149911810, guid: f293a2dcc753a4a489fefe7f8f312d69, type: 3}
      propertyPath: m_LocalEulerAnglesHint.y
      value: 0
      objectReference: {fileID: 0}
    - target: {fileID: 4288416149911810, guid: f293a2dcc753a4a489fefe7f8f312d69, type: 3}
      propertyPath: m_LocalEulerAnglesHint.z
      value: 0
      objectReference: {fileID: 0}
    m_RemovedComponents: []
  m_SourcePrefab: {fileID: 100100000, guid: f293a2dcc753a4a489fefe7f8f312d69, type: 3}
--- !u!4 &7938085000993614264 stripped
Transform:
  m_CorrespondingSourceObject: {fileID: 4288416149911810, guid: f293a2dcc753a4a489fefe7f8f312d69,
    type: 3}
  m_PrefabInstance: {fileID: 7937174375304204474}
  m_PrefabAsset: {fileID: 0}
--- !u!1001 &7937174375484843235
PrefabInstance:
  m_ObjectHideFlags: 0
  serializedVersion: 2
  m_Modification:
    m_TransformParent: {fileID: 7937174375579144434}
    m_Modifications:
    - target: {fileID: 1956197547661106, guid: f293a2dcc753a4a489fefe7f8f312d69, type: 3}
      propertyPath: m_Name
      value: WildFire (2)
      objectReference: {fileID: 0}
    - target: {fileID: 4288416149911810, guid: f293a2dcc753a4a489fefe7f8f312d69, type: 3}
      propertyPath: m_LocalPosition.x
      value: 2.62
      objectReference: {fileID: 0}
    - target: {fileID: 4288416149911810, guid: f293a2dcc753a4a489fefe7f8f312d69, type: 3}
      propertyPath: m_LocalPosition.y
      value: 0
      objectReference: {fileID: 0}
    - target: {fileID: 4288416149911810, guid: f293a2dcc753a4a489fefe7f8f312d69, type: 3}
      propertyPath: m_LocalPosition.z
      value: -3.12
      objectReference: {fileID: 0}
    - target: {fileID: 4288416149911810, guid: f293a2dcc753a4a489fefe7f8f312d69, type: 3}
      propertyPath: m_LocalRotation.x
      value: 0
      objectReference: {fileID: 0}
    - target: {fileID: 4288416149911810, guid: f293a2dcc753a4a489fefe7f8f312d69, type: 3}
      propertyPath: m_LocalRotation.y
      value: 0
      objectReference: {fileID: 0}
    - target: {fileID: 4288416149911810, guid: f293a2dcc753a4a489fefe7f8f312d69, type: 3}
      propertyPath: m_LocalRotation.z
      value: 0
      objectReference: {fileID: 0}
    - target: {fileID: 4288416149911810, guid: f293a2dcc753a4a489fefe7f8f312d69, type: 3}
      propertyPath: m_LocalRotation.w
      value: 1
      objectReference: {fileID: 0}
    - target: {fileID: 4288416149911810, guid: f293a2dcc753a4a489fefe7f8f312d69, type: 3}
      propertyPath: m_RootOrder
      value: 2
      objectReference: {fileID: 0}
    - target: {fileID: 4288416149911810, guid: f293a2dcc753a4a489fefe7f8f312d69, type: 3}
      propertyPath: m_LocalEulerAnglesHint.x
      value: 0
      objectReference: {fileID: 0}
    - target: {fileID: 4288416149911810, guid: f293a2dcc753a4a489fefe7f8f312d69, type: 3}
      propertyPath: m_LocalEulerAnglesHint.y
      value: 0
      objectReference: {fileID: 0}
    - target: {fileID: 4288416149911810, guid: f293a2dcc753a4a489fefe7f8f312d69, type: 3}
      propertyPath: m_LocalEulerAnglesHint.z
      value: 0
      objectReference: {fileID: 0}
    m_RemovedComponents: []
  m_SourcePrefab: {fileID: 100100000, guid: f293a2dcc753a4a489fefe7f8f312d69, type: 3}
--- !u!4 &7938085000612208097 stripped
Transform:
  m_CorrespondingSourceObject: {fileID: 4288416149911810, guid: f293a2dcc753a4a489fefe7f8f312d69,
    type: 3}
  m_PrefabInstance: {fileID: 7937174375484843235}
  m_PrefabAsset: {fileID: 0}
--- !u!1001 &7937174375725767744
PrefabInstance:
  m_ObjectHideFlags: 0
  serializedVersion: 2
  m_Modification:
    m_TransformParent: {fileID: 7937174375579144434}
    m_Modifications:
    - target: {fileID: 1956197547661106, guid: f293a2dcc753a4a489fefe7f8f312d69, type: 3}
      propertyPath: m_Name
      value: WildFire (1)
      objectReference: {fileID: 0}
    - target: {fileID: 4288416149911810, guid: f293a2dcc753a4a489fefe7f8f312d69, type: 3}
      propertyPath: m_LocalPosition.x
      value: 2.98
      objectReference: {fileID: 0}
    - target: {fileID: 4288416149911810, guid: f293a2dcc753a4a489fefe7f8f312d69, type: 3}
      propertyPath: m_LocalPosition.y
      value: 0
      objectReference: {fileID: 0}
    - target: {fileID: 4288416149911810, guid: f293a2dcc753a4a489fefe7f8f312d69, type: 3}
      propertyPath: m_LocalPosition.z
      value: 2.48
      objectReference: {fileID: 0}
    - target: {fileID: 4288416149911810, guid: f293a2dcc753a4a489fefe7f8f312d69, type: 3}
      propertyPath: m_LocalRotation.x
      value: 0
      objectReference: {fileID: 0}
    - target: {fileID: 4288416149911810, guid: f293a2dcc753a4a489fefe7f8f312d69, type: 3}
      propertyPath: m_LocalRotation.y
      value: 0
      objectReference: {fileID: 0}
    - target: {fileID: 4288416149911810, guid: f293a2dcc753a4a489fefe7f8f312d69, type: 3}
      propertyPath: m_LocalRotation.z
      value: 0
      objectReference: {fileID: 0}
    - target: {fileID: 4288416149911810, guid: f293a2dcc753a4a489fefe7f8f312d69, type: 3}
      propertyPath: m_LocalRotation.w
      value: 1
      objectReference: {fileID: 0}
    - target: {fileID: 4288416149911810, guid: f293a2dcc753a4a489fefe7f8f312d69, type: 3}
      propertyPath: m_RootOrder
      value: 1
      objectReference: {fileID: 0}
    - target: {fileID: 4288416149911810, guid: f293a2dcc753a4a489fefe7f8f312d69, type: 3}
      propertyPath: m_LocalEulerAnglesHint.x
      value: 0
      objectReference: {fileID: 0}
    - target: {fileID: 4288416149911810, guid: f293a2dcc753a4a489fefe7f8f312d69, type: 3}
      propertyPath: m_LocalEulerAnglesHint.y
      value: 0
      objectReference: {fileID: 0}
    - target: {fileID: 4288416149911810, guid: f293a2dcc753a4a489fefe7f8f312d69, type: 3}
      propertyPath: m_LocalEulerAnglesHint.z
      value: 0
      objectReference: {fileID: 0}
    m_RemovedComponents: []
  m_SourcePrefab: {fileID: 100100000, guid: f293a2dcc753a4a489fefe7f8f312d69, type: 3}
--- !u!4 &7938085000307811650 stripped
Transform:
  m_CorrespondingSourceObject: {fileID: 4288416149911810, guid: f293a2dcc753a4a489fefe7f8f312d69,
    type: 3}
  m_PrefabInstance: {fileID: 7937174375725767744}
  m_PrefabAsset: {fileID: 0}
